<record xmlns="http://www.loc.gov/MARC21/slim">
   <leader>05205nam a2200589 a 4500</leader>
   <controlfield tag="001">6741092</controlfield>
   <controlfield tag="003">DcWaAPA</controlfield>
   <controlfield tag="005">20141010084508.0</controlfield>
   <controlfield tag="006">m     o  d        </controlfield>
   <controlfield tag="007">cr</controlfield>
   <controlfield tag="008">141010s2015    dcu     ob    001 0 eng d</controlfield>
   <datafield ind1=" " ind2=" " tag="020">
      <subfield code="z">9781433818325 (print ed.)</subfield>
   </datafield>
   <datafield ind1=" " ind2=" " tag="020">
      <subfield code="z">1433818329 (print ed.)</subfield>
   </datafield>
   <datafield ind1=" " ind2=" " tag="020">
      <subfield code="z">1433818337 (print ed.)</subfield>
   </datafield>
   <datafield ind1=" " ind2=" " tag="020">
      <subfield code="z">9781433818332 (print ed.)</subfield>
   </datafield>
   <datafield ind1=" " ind2=" " tag="035">
      <subfield code="a">ocn892733699</subfield>
   </datafield>
   <datafield ind1=" " ind2=" " tag="039">
      <subfield code="a">exclude</subfield>
   </datafield>
   <datafield ind1=" " ind2=" " tag="040">
      <subfield code="a">DcWaAPA</subfield>
      <subfield code="d">AEU</subfield>
   </datafield>
   <datafield ind1=" " ind2="4" tag="050">
      <subfield code="a">RC552.T7</subfield>
      <subfield code="b">P73 2015</subfield>
   </datafield>
   <datafield ind1="1" ind2="0" tag="060">
      <subfield code="a">WM 172.5</subfield>
   </datafield>
   <datafield ind1="0" ind2="4" tag="082">
      <subfield code="a">616.85/21061</subfield>
      <subfield code="2">23</subfield>
   </datafield>
   <datafield ind1=" " ind2=" " tag="090">
      <subfield code="a">Internet Access</subfield>
      <subfield code="b">AEU</subfield>
   </datafield>
   <datafield ind1=" " ind2=" " tag="090">
      <subfield code="a">Internet Access</subfield>
      <subfield code="b">AEC</subfield>
   </datafield>
   <datafield ind1=" " ind2=" " tag="090">
      <subfield code="a">Internet Access</subfield>
      <subfield code="b">AEGMCT</subfield>
   </datafield>
   <datafield ind1="0" ind2="2" tag="245">
      <subfield code="a">A practical guide to PTSD treatment</subfield>
      <subfield code="h">[electronic resource] :</subfield>
      <subfield code="b">pharmacological and psychotherapeutic approaches /</subfield>
      <subfield code="c">[edited by] Nancy C. Bernardy and Matthew J. Friedman.</subfield>
   </datafield>
   <datafield ind1=" " ind2=" " tag="250">
      <subfield code="a">1st ed.</subfield>
   </datafield>
   <datafield ind1=" " ind2=" " tag="260">
      <subfield code="a">Washington, D.C. :</subfield>
      <subfield code="b">American Psychological Association,</subfield>
      <subfield code="c">2015.</subfield>
   </datafield>
   <datafield ind1=" " ind2=" " tag="300">
      <subfield code="a">1 online resource (viii, 194 p.)</subfield>
   </datafield>
   <datafield ind1=" " ind2=" " tag="504">
      <subfield code="a">Includes bibliographical references and index.</subfield>
   </datafield>
   <datafield ind1="0" ind2=" " tag="505">
      <subfield code="a">The human stress response / Matthew J. Friedman -- Emerging scientific and clinical literature on resilience and psychological first aid / Steven Southwick and Patricia Watson -- Posttraumatic stress disorder : patient interview, clinical assessment, and diagnosis / Brian P. Marx and Cassidy A. Gutner -- Antidepressant strategies in the management of PTSD / Nancy C. Bernardy and Matthew J. Friedman -- The use of anxiolytics in the management of PTSD / Nancy C. Bernardy, Tasha Souter &amp; Matthew J. Friedman -- Atypical antipsychotics and anticonvulsants in the treatment of PTSD : treatment options that include cognitive-behavioral therapies / Matthew D. Jeffreys -- Cognitive-behavioral therapies for PTSD / Tara E. Galovski &amp; Chelsea Gloth -- PTSD and insomnia / Jason DeViva and Bruce Capehart -- Co-occurring substance use disorders and posttraumatic stress disorder / Andrew J. Saxon and Tracy L. Simpson -- Treating PTSD in older adults / Joan M. Cook, Ahsan Naseem, and Steven R. Thorp -- Challenging presentations in PTSD / Tonya Masino and Sonya Norman.</subfield>
   </datafield>
   <datafield ind1=" " ind2=" " tag="520">
      <subfield code="a">"More than 7 million Americans suffer from PTSD, as a consequence of physical or psychological trauma. Thankfully, today's mental health providers have developed increasingly sophisticated tools and techniques to meet this significant challenge, the most effective of which are medications and psychotherapy. Although considerable research in recent years has focused on both approaches to PTSD treatment, few have been able to synthesize that research in a way that is concise and practical, and useful to the wide range of practitioners who treat PTSD. In this handy clinical guide, authors Nancy Bernardy and Matt Friedman show how pharmacological approaches can be integrated with traditional psychotherapy approaches to PTSD. They present common assessment tools and strategies, synthesize implications from research on all existing pharmacologic treatments for PTSD including antidepressants, anxiolytics, and antipsychotic medications, and present clear guidelines for related conditions such as insomnia and substance abuse. Treatment of older adults and others with complicated presentations is also emphasized. The book is suitable for psychologists and social workers who may be unfamiliar with pharmacological approaches to PTSD, as well as psychiatrists and other medical personnel who may be less familiar with the best empirically-validated forms of psychotherapy"--Publicity materials. (PsycINFO Database Record (c) 2014 APA, all rights reserved).</subfield>
   </datafield>
   <datafield ind1=" " ind2=" " tag="533">
      <subfield code="a">Electronic reproduction.</subfield>
      <subfield code="b">Washington, D.C. :</subfield>
      <subfield code="c">American Psychological Association,</subfield>
      <subfield code="d">2014.</subfield>
      <subfield code="n">Available via World Wide Web.</subfield>
      <subfield code="n">Access limited by licensing agreement.</subfield>
      <subfield code="7">s2014    dcunns</subfield>
   </datafield>
   <datafield ind1=" " ind2=" " tag="596">
      <subfield code="a">21 44 57</subfield>
   </datafield>
   <datafield ind1="1" ind2="2" tag="650">
      <subfield code="a">Stress Disorders, Post-Traumatic</subfield>
      <subfield code="x">drug therapy.</subfield>
   </datafield>
   <datafield ind1="2" ind2="2" tag="650">
      <subfield code="a">Combined Modality Therapy.</subfield>
   </datafield>
   <datafield ind1="2" ind2="2" tag="650">
      <subfield code="a">Psychotherapy</subfield>
      <subfield code="x">methods.</subfield>
   </datafield>
   <datafield ind1="2" ind2="2" tag="650">
      <subfield code="a">Stress Disorders, Post-Traumatic</subfield>
      <subfield code="x">therapy.</subfield>
   </datafield>
   <datafield ind1=" " ind2="0" tag="650">
      <subfield code="a">Post-traumatic stress disorder</subfield>
      <subfield code="x">Treatment.</subfield>
   </datafield>
   <datafield ind1=" " ind2="0" tag="650">
      <subfield code="a">Combined modality therapy.</subfield>
   </datafield>
   <datafield ind1=" " ind2="0" tag="650">
      <subfield code="a">Psychotherapy</subfield>
      <subfield code="x">Methodology.</subfield>
   </datafield>
   <datafield ind1="1" ind2=" " tag="700">
      <subfield code="a">Bernardy, Nancy C.</subfield>
   </datafield>
   <datafield ind1="1" ind2=" " tag="700">
      <subfield code="a">Friedman, Matthew J.</subfield>
   </datafield>
   <datafield ind1="2" ind2=" " tag="710">
      <subfield code="a">American Psychological Association.</subfield>
   </datafield>
   <datafield ind1="4" ind2="0" tag="856">
      <subfield code="3">University of Alberta Access</subfield>
      <subfield code="u">http://ovidsp.ovid.com/ovidweb.cgi?T=JS&amp;NEWS=N&amp;PAGE=toc&amp;SEARCH=2014-24327.dd&amp;LINKTYPE=asBody&amp;D=psbk</subfield>
   </datafield>
   <datafield ind1="4" ind2="0" tag="856">
      <subfield code="3">MacEwan University Access</subfield>
      <subfield code="u">http://search.ebscohost.com/direct.asp?db=pzh&amp;jid=%22201424327%22&amp;scope=site</subfield>
   </datafield>
   <datafield ind1="4" ind2="0" tag="856">
      <subfield code="3">Concordia University of Edmonton Access</subfield>
      <subfield code="u">http://search.ebscohost.com/login.aspx?direct=true&amp;db=pzh&amp;jid=201424327&amp;site=ehost-live</subfield>
   </datafield>
   <datafield ind1=" " ind2=" " tag="949">
      <subfield code="h">UAIN</subfield>
      <subfield code="z">PSYCBOOKS</subfield>
   </datafield>
   <datafield ind1=" " ind2=" " tag="949">
      <subfield code="h">UAIN</subfield>
      <subfield code="m">CONCORDIA</subfield>
      <subfield code="z">PSYCBKSCON</subfield>
   </datafield>
   <datafield ind1=" " ind2=" " tag="949">
      <subfield code="h">UAIN</subfield>
      <subfield code="m">GR_MAC_INT</subfield>
      <subfield code="z">PSYCBKSGM</subfield>
   </datafield>
   <datafield ind1=" " ind2=" " tag="926">
      <subfield code="a">Internet Access</subfield>
      <subfield code="w">LC</subfield>
      <subfield code="c">1</subfield>
      <subfield code="i">6741092-1001</subfield>
      <subfield code="l">INTERNET</subfield>
      <subfield code="m">UAINTERNET</subfield>
      <subfield code="r">Y</subfield>
      <subfield code="s">Y</subfield>
      <subfield code="t">E-RESOURCE</subfield>
      <subfield code="u">11/21/2014</subfield>
      <subfield code="x">E-BOOK</subfield>
      <subfield code="z">PSYCBOOKS</subfield>
   </datafield>
   <datafield ind1=" " ind2=" " tag="926">
      <subfield code="a">Internet Access</subfield>
      <subfield code="w">LC</subfield>
      <subfield code="c">1</subfield>
      <subfield code="i">6741092-2001</subfield>
      <subfield code="l">INTERNET</subfield>
      <subfield code="m">CONCORDIA</subfield>
      <subfield code="r">Y</subfield>
      <subfield code="s">Y</subfield>
      <subfield code="t">E-RESOURCE</subfield>
      <subfield code="u">11/21/2014</subfield>
      <subfield code="x">E-BOOK</subfield>
      <subfield code="z">PSYCBKSCON</subfield>
   </datafield>
   <datafield ind1=" " ind2=" " tag="926">
      <subfield code="a">Internet Access</subfield>
      <subfield code="w">LC</subfield>
      <subfield code="c">1</subfield>
      <subfield code="i">6741092-3001</subfield>
      <subfield code="l">INTERNET</subfield>
      <subfield code="m">GR_MAC_INT</subfield>
      <subfield code="r">Y</subfield>
      <subfield code="s">Y</subfield>
      <subfield code="t">E-RESOURCE</subfield>
      <subfield code="u">11/21/2014</subfield>
      <subfield code="x">E-BOOK</subfield>
      <subfield code="z">PSYCBKSGM</subfield>
   </datafield>
</record>
